@inproceedings{rehurek_lrec,
        title = {{Software Framework for Topic Modelling with Large Corpora}},
        author = {Radim {\v R}eh{\r u}{\v r}ek and Petr Sojka},
        booktitle = {{Proceedings of the LREC 2010 Workshop on New
             Challenges for NLP Frameworks}},
        pages = {45--50},
        year = 2010,
        month = May,
        day = 22,
        publisher = {ELRA},
        address = {Valletta, Malta},
        url={http://is.muni.cz/publication/884893/en},
        language={English}
}

@inproceedings{pennington-etal-2014-glove,
    title = "{G}lo{V}e: Global Vectors for Word Representation",
    author = "Pennington, Jeffrey  and
      Socher, Richard  and
      Manning, Christopher",
    booktitle = "Proceedings of the 2014 Conference on Empirical Methods in Natural Language Processing ({EMNLP})",
    month = oct,
    year = "2014",
    address = "Doha, Qatar",
    publisher = "Association for Computational Linguistics",
    url = "https://aclanthology.org/D14-1162",
    doi = "10.3115/v1/D14-1162",
    pages = "1532--1543",
}
@article{arxiv.1603.06560,
  doi = {10.48550/ARXIV.1603.06560},
  url = {https://arxiv.org/abs/1603.06560},
  author = {Li, Lisha and Jamieson, Kevin and DeSalvo, Giulia and Rostamizadeh, Afshin and Talwalkar, Ameet},
  keywords = {Machine Learning (cs.LG), Machine Learning (stat.ML), FOS: Computer and information sciences, FOS: Computer and information sciences},
  title = {Hyperband: A Novel Bandit-Based Approach to Hyperparameter Optimization},
  publisher = {arXiv},
  year = {2016},
  copyright = {arXiv.org perpetual, non-exclusive license}
}
