@InProceedings{kiesel:2022b,
  author =                   {Johannes Kiesel and Milad Alshomary and Nicolas Handke and Xiaoni Cai and Henning Wachsmuth and Benno Stein},
  booktitle =                {60th Annual Meeting of the Association for Computational Linguistics (ACL 2022)},
  doi =                      {10.18653/v1/2022.acl-long.306},
  editor =                   {Smaranda Muresan and Preslav Nakov and Aline Villavicencio},
  month =                    may,
  pages =                    {4459-4471},
  publisher =                {Association for Computational Linguistics},
  site =                     {Dublin, Ireland},
  title =                    {{Identifying the Human Values behind Arguments}},
  year =                     2022
}

@misc{mirzakhmedova2023touche23valueeval,
      title={The Touch\'e23-ValueEval Dataset for Identifying Human Values behind Arguments}, 
      author={Nailia Mirzakhmedova and Johannes Kiesel and Milad Alshomary and Maximilian Heinrich and Nicolas Handke and Xiaoni Cai and Barriere Valentin and Doratossadat Dastgheib and Omid Ghahroodi and Mohammad Ali Sadraei and Ehsaneddin Asgari and Lea Kawaletz and Henning Wachsmuth and Benno Stein},
      year={2023},
      eprint={2301.13771},
      archivePrefix={arXiv},
      primaryClass={cs.CL}
}