@misc{devlin2019bert,
      title={BERT: Pre-training of Deep Bidirectional Transformers for Language Understanding}, 
      author={Jacob Devlin and Ming-Wei Chang and Kenton Lee and Kristina Toutanova},
      year={2019},
      eprint={1810.04805},
      archivePrefix={arXiv},
      primaryClass={cs.CL}
}

@misc{wei2019eda,
      title={EDA: Easy Data Augmentation Techniques for Boosting Performance on Text Classification Tasks}, 
      author={Jason Wei and Kai Zou},
      year={2019},
      eprint={1901.11196},
      archivePrefix={arXiv},
      primaryClass={cs.CL}
}

@misc{ma2019nlpaug,
  title={NLP Augmentation},
  author={Edward Ma},
  howpublished={https://github.com/makcedward/nlpaug},
  year={2019}
}